Automatically generated by Mendeley Desktop 1.19.4
Any changes to this file will be lost if it is regenerated by Mendeley.

BibTeX export options can be customized via Preferences -> BibTeX in Mendeley Desktop

@misc{Knisely2019,
author = {Knisely, Greg},
title = {{Valhalla}},
url = {https://github.com/valhalla/valhalla},
year = {2019}
}
@misc{Unxos2019,
author = {Unxos},
title = {{Geonames Download}},
url = {https://download.geonames.org/export/zip/allCountries.zip},
urldate = {2019-06-21},
year = {2019}
}
@misc{Simioni2018c,
author = {Simioni, Julian},
title = {{Generating polylines from Valhalla}},
urldate = {2019-05-05},
year = {2018}
}
@misc{Dechant2019b,
author = {Dechant, Sergej},
title = {{Geonames 2D Postalcodes}},
url = {https://github.com/dataBikeHsUlm/juniors/tree/master/geonames{\_}2D{\_}postalcodes},
year = {2019}
}
@misc{Mehra2019,
author = {Mehra, Ankur},
title = {{Postcode Scraper}},
url = {https://github.com/ankur35/Postcode-Scraper},
year = {2019}
}
@misc{Ramm2017,
address = {Karlsruhe, Germany},
author = {Ramm, Frederik},
file = {:Users/woiza/git/datascienceproject/juniors/report/pdf/2017-03-23-Routing-Engines{\_}fuer{\_}OSM.pdf:pdf},
institution = {Geofabrik GmbH},
title = {{Routing Engines f{\"{u}}r OpenStreetMap}},
url = {https://www.geofabrik.de/media/2017-03-23-Routing-Engines{\_}fuer{\_}OSM.pdf},
year = {2017}
}
@misc{Simioni2019,
author = {Simioni, Julian},
title = {{Pelias CSV Importer}},
url = {https://github.com/pelias/csv-importer},
urldate = {2019-05-17},
year = {2019}
}
@misc{Simioni2018,
author = {Simioni, Julian},
file = {:Users/woiza/git/datascienceproject/juniors/report/img/pelias{\_}architecture.png:png},
title = {{Pelias Architecture}},
url = {https://raw.githubusercontent.com/pelias/pelias/master/img/Pelias Architecture.png},
urldate = {2018-04-24},
year = {2018}
}
@misc{Dechant2019a,
author = {Dechant, Sergej},
title = {{Geonames 2D Postalcodes}},
url = {https://github.com/dataBikeHsUlm/juniors/tree/master/geonames{\_}2D{\_}postalcodes},
year = {2019}
}
@misc{Simioni2018b,
author = {Simioni, Julian},
title = {{Pelias Documentation}},
url = {https://github.com/pelias/documentation},
urldate = {2019-06-21},
year = {2018}
}
@misc{J.2017,
author = {J., Daniel},
title = {{OSRM Disk and Memory Requirements}},
url = {https://github.com/Project-OSRM/osrm-backend/wiki/Disk-and-Memory-Requirements},
urldate = {2019-06-13},
year = {2017}
}
@misc{Simioni2018a,
author = {Simioni, Julian},
title = {{Determining Result Quality}},
url = {https://github.com/pelias/documentation/blob/master/result{\_}quality.md},
urldate = {2018-08-10},
year = {2018}
}
@misc{Dechant2019,
author = {Dechant, Sergej},
title = {{Pelias Custom Data Import}},
url = {https://github.com/dataBikeHsUlm/juniors/tree/master/peliasimport},
urldate = {2019-06-21},
year = {2019}
}
